<marcxml:record xmlns:marcxml="http://www.loc.gov/MARC21/slim" xmlns:mets="http://www.loc.gov/METS/" xmlns:bf="http://id.loc.gov/ontologies/bibframe/" xmlns:rdf="http://www.w3.org/1999/02/22-rdf-syntax-ns#" xmlns:madsrdf="http://www.loc.gov/mads/rdf/v1#" xmlns:bflc="http://id.loc.gov/ontologies/bflc/" xmlns:ri="http://id.loc.gov/ontologies/RecordInfo#" xmlns:idx="info:lc/xq-modules/lcindex" xmlns:xlink="http://www.w3.org/1999/xlink" xmlns:xsi="http://www.w3.org/2001/XMLSchema-instance" xmlns:semtriples="http://marklogic.com/semantic" xmlns:streams="info:lc/streams#">
    <marcxml:leader>00769nz  a2200205n  4500</marcxml:leader>
    <marcxml:controlfield tag="001">no2017167345</marcxml:controlfield>
    <marcxml:controlfield tag="003">DLC</marcxml:controlfield>
    <marcxml:controlfield tag="005">20171223073103.0</marcxml:controlfield>
    <marcxml:controlfield tag="008">171222n| azannaabn          |a aaa     c</marcxml:controlfield>
    <marcxml:datafield tag="010" ind1=" " ind2=" ">
        <marcxml:subfield code="a">no2017167345</marcxml:subfield>
    </marcxml:datafield>
    <marcxml:datafield tag="035" ind1=" " ind2=" ">
        <marcxml:subfield code="a">(OCoLC)oca11120666</marcxml:subfield>
    </marcxml:datafield>
    <marcxml:datafield tag="040" ind1=" " ind2=" ">
        <marcxml:subfield code="a">UPB</marcxml:subfield>
        <marcxml:subfield code="b">eng</marcxml:subfield>
        <marcxml:subfield code="e">rda</marcxml:subfield>
        <marcxml:subfield code="c">UPB</marcxml:subfield>
    </marcxml:datafield>
    <marcxml:datafield tag="046" ind1=" " ind2=" ">
        <marcxml:subfield code="k">1945</marcxml:subfield>
        <marcxml:subfield code="2">edtf</marcxml:subfield>
    </marcxml:datafield>
    <marcxml:datafield tag="100" ind1="1" ind2=" ">
        <marcxml:subfield code="a">Borges, Jorge Luis,</marcxml:subfield>
        <marcxml:subfield code="d">1899-1986.</marcxml:subfield>
        <marcxml:subfield code="t">Aleph.</marcxml:subfield>
        <marcxml:subfield code="l">English</marcxml:subfield>
        <marcxml:subfield code="s">(Di Giovanni)</marcxml:subfield>
    </marcxml:datafield>
    <marcxml:datafield tag="336" ind1=" " ind2=" ">
        <marcxml:subfield code="a">text</marcxml:subfield>
        <marcxml:subfield code="2">rdacontent</marcxml:subfield>
    </marcxml:datafield>
    <marcxml:datafield tag="377" ind1=" " ind2=" ">
        <marcxml:subfield code="a">eng</marcxml:subfield>
    </marcxml:datafield>
    <marcxml:datafield tag="381" ind1=" " ind2=" ">
        <marcxml:subfield code="a">Di Giovanni</marcxml:subfield>
    </marcxml:datafield>
    <marcxml:datafield tag="500" ind1="1" ind2=" ">
        <marcxml:subfield code="w">r</marcxml:subfield>
        <marcxml:subfield code="i">Translator:</marcxml:subfield>
        <marcxml:subfield code="a">Di Giovanni, Norman Thomas</marcxml:subfield>
    </marcxml:datafield>
    <marcxml:datafield tag="670" ind1=" " ind2=" ">
        <marcxml:subfield code="a">Strange dreams, 1993:</marcxml:subfield>
        <marcxml:subfield code="b">table of contents (The aleph)</marcxml:subfield>
    </marcxml:datafield>
    <marcxml:datafield tag="670" ind1=" " ind2=" ">
        <marcxml:subfield code="a">pHinnWeb, 22 December 2017</marcxml:subfield>
        <marcxml:subfield code="b">(The aleph by Jorge Luis Borges, 1945 translation by Norman Thomas Di Giovanni in collaboration with the author; the text corresponds to the text in Strange dreams)</marcxml:subfield>
    </marcxml:datafield>
</marcxml:record>
